[gd_scene load_steps=7 format=2]

[ext_resource path="res://Art/LevelItems/BackGround.png" type="Texture" id=1]
[ext_resource path="res://Art/LevelItems/Cloud_01.png" type="Texture" id=2]
[ext_resource path="res://Art/LevelItems/Cloud_02.png" type="Texture" id=3]
[ext_resource path="res://Art/LevelItems/Cloud_03.png" type="Texture" id=4]
[ext_resource path="res://Art/LevelItems/Mountain.png" type="Texture" id=5]
[ext_resource path="res://Art/LevelItems/Hill_01.png" type="Texture" id=6]

[node name="ParallaxBackground" type="ParallaxBackground"]

layer = -1
offset = Vector2( 0, 0 )
rotation = 0.0
scale = Vector2( 0.6, 0.6 )
transform = Transform2D( 0.6, 0, 0, 0.6, 0, 0 )
scroll_offset = Vector2( 0, 0 )
scroll_base_offset = Vector2( 0, 0 )
scroll_base_scale = Vector2( 1, 1 )
scroll_limit_begin = Vector2( 0, 0 )
scroll_limit_end = Vector2( 0, 0 )
scroll_ignore_camera_zoom = false
_sections_unfolded = [ "Scroll" ]

[node name="Sky" type="ParallaxLayer" parent="." index="0"]

editor/display_folded = true
motion_scale = Vector2( 0, 0 )
motion_offset = Vector2( 0, 0 )
motion_mirroring = Vector2( 1500, 0 )
_sections_unfolded = [ "Motion", "Transform" ]

[node name="BackGround" type="Sprite" parent="Sky" index="0"]

position = Vector2( -5.03503, -561.842 )
scale = Vector2( 1.29829, 1.90967 )
texture = ExtResource( 1 )
centered = false
region_rect = Rect2( 0, 0, 2000, 2000 )
_sections_unfolded = [ "Animation", "Offset", "Region", "Transform" ]

[node name="Clouds" type="ParallaxLayer" parent="." index="1"]

editor/display_folded = true
motion_scale = Vector2( 0.2, 0 )
motion_offset = Vector2( 0, 0 )
motion_mirroring = Vector2( 2200, 0 )
_sections_unfolded = [ "Motion", "Transform" ]

[node name="Cloud_01" type="Sprite" parent="Clouds" index="0"]

position = Vector2( 178.207, -159.215 )
scale = Vector2( 0.2, 0.2 )
texture = ExtResource( 2 )
_sections_unfolded = [ "Transform" ]

[node name="Cloud_04" type="Sprite" parent="Clouds" index="1"]

position = Vector2( 1122.03, -177.722 )
scale = Vector2( 0.2, 0.2 )
texture = ExtResource( 2 )
_sections_unfolded = [ "Transform" ]

[node name="Cloud_02" type="Sprite" parent="Clouds" index="2"]

position = Vector2( 570.29, -164.676 )
scale = Vector2( 0.2, 0.2 )
texture = ExtResource( 3 )
_sections_unfolded = [ "Transform" ]

[node name="Cloud_06" type="Sprite" parent="Clouds" index="3"]

position = Vector2( 1514.11, -183.183 )
scale = Vector2( 0.2, 0.2 )
texture = ExtResource( 3 )
_sections_unfolded = [ "Transform" ]

[node name="Cloud_03" type="Sprite" parent="Clouds" index="4"]

position = Vector2( 904.013, -198.691 )
scale = Vector2( 0.2, 0.2 )
texture = ExtResource( 4 )
_sections_unfolded = [ "Transform" ]

[node name="Cloud_05" type="Sprite" parent="Clouds" index="5"]

position = Vector2( 1847.83, -217.198 )
scale = Vector2( 0.2, 0.2 )
texture = ExtResource( 4 )
_sections_unfolded = [ "Transform" ]

[node name="Mountains" type="ParallaxLayer" parent="." index="2"]

editor/display_folded = true
modulate = Color( 1, 1, 1, 0.580118 )
motion_scale = Vector2( 0.3, 0 )
motion_offset = Vector2( 0, 0 )
motion_mirroring = Vector2( 2000, 0 )
_sections_unfolded = [ "Motion", "Transform", "Visibility" ]

[node name="Mountain" type="Sprite" parent="Mountains" index="0"]

position = Vector2( 108.891, 453.627 )
scale = Vector2( 0.4, 0.4 )
texture = ExtResource( 5 )
_sections_unfolded = [ "Transform" ]

[node name="Mountain6" type="Sprite" parent="Mountains" index="1"]

position = Vector2( 1514.1, 428.228 )
scale = Vector2( 0.4, 0.4 )
texture = ExtResource( 5 )
_sections_unfolded = [ "Transform" ]

[node name="Mountain2" type="Sprite" parent="Mountains" index="2"]

position = Vector2( 692.497, 414.015 )
scale = Vector2( 0.93707, 0.560683 )
texture = ExtResource( 5 )
_sections_unfolded = [ "Transform" ]

[node name="Mountain8" type="Sprite" parent="Mountains" index="3"]

position = Vector2( 1790.19, 372.239 )
scale = Vector2( 0.93707, 0.560683 )
texture = ExtResource( 5 )
_sections_unfolded = [ "Transform" ]

[node name="Mountain3" type="Sprite" parent="Mountains" index="4"]

position = Vector2( 1003.38, 447.531 )
scale = Vector2( 0.4, 0.4 )
texture = ExtResource( 5 )

[node name="Mountain4" type="Sprite" parent="Mountains" index="5"]

position = Vector2( 1232.54, 445.87 )
scale = Vector2( 0.4, 0.4 )
texture = ExtResource( 5 )

[node name="Mountain5" type="Sprite" parent="Mountains" index="6"]

position = Vector2( 393.211, 431.828 )
scale = Vector2( 0.4, 0.4 )
texture = ExtResource( 5 )

[node name="Hills" type="ParallaxLayer" parent="." index="3"]

editor/display_folded = true
position = Vector2( -11.1347, -80.7258 )
motion_scale = Vector2( 0.4, 0 )
motion_offset = Vector2( 0, 0 )
motion_mirroring = Vector2( 2200, 0 )
_sections_unfolded = [ "Motion", "Transform" ]

[node name="Hill_01" type="Sprite" parent="Hills" index="0"]

position = Vector2( 334.917, 668.551 )
texture = ExtResource( 6 )

[node name="Hill_02" type="Sprite" parent="Hills" index="1"]

position = Vector2( 1631.45, 678.621 )
texture = ExtResource( 6 )

[node name="Hills2" type="ParallaxLayer" parent="." index="4"]

editor/display_folded = true
position = Vector2( -11.1347, -80.7258 )
motion_scale = Vector2( 0.5, 0 )
motion_offset = Vector2( 0, 0 )
motion_mirroring = Vector2( 2200, 0 )
_sections_unfolded = [ "Motion", "Transform" ]

[node name="Hill_01" type="Sprite" parent="Hills2" index="0"]

modulate = Color( 0.929831, 0.988281, 0.768234, 1 )
position = Vector2( 283.638, 751.783 )
texture = ExtResource( 6 )
_sections_unfolded = [ "Visibility" ]

[node name="Hill_02" type="Sprite" parent="Hills2" index="1"]

modulate = Color( 0.929831, 0.988281, 0.768234, 1 )
position = Vector2( 1489.54, 754.301 )
texture = ExtResource( 6 )
_sections_unfolded = [ "Visibility" ]

[node name="Hills3" type="ParallaxLayer" parent="." index="5"]

editor/display_folded = true
position = Vector2( -11.1347, -80.7258 )
motion_scale = Vector2( 0.55, 0 )
motion_offset = Vector2( 0, 0 )
motion_mirroring = Vector2( 2200, 0 )
_sections_unfolded = [ "Motion", "Transform" ]

[node name="Hill_01" type="Sprite" parent="Hills3" index="0"]

modulate = Color( 0.866852, 0.964844, 0.723633, 1 )
position = Vector2( 532.93, 791.857 )
texture = ExtResource( 6 )
_sections_unfolded = [ "Visibility" ]

[node name="Hill_02" type="Sprite" parent="Hills3" index="1"]

modulate = Color( 0.866852, 0.964844, 0.723633, 1 )
position = Vector2( 1590.16, 797.1 )
texture = ExtResource( 6 )
_sections_unfolded = [ "Visibility" ]

[node name="Hills4" type="ParallaxLayer" parent="." index="6"]

editor/display_folded = true
modulate = Color( 0.897067, 0.898438, 0.722961, 1 )
position = Vector2( -11.1347, -80.7258 )
motion_scale = Vector2( 0.6, 0 )
motion_offset = Vector2( 0, 0 )
motion_mirroring = Vector2( 2500, 0 )
_sections_unfolded = [ "Material", "Motion", "Transform", "Visibility" ]

[node name="Hill_01" type="Sprite" parent="Hills4" index="0"]

modulate = Color( 0.866852, 0.964844, 0.723633, 1 )
position = Vector2( 1558.14, 914.844 )
texture = ExtResource( 6 )
_sections_unfolded = [ "Visibility" ]

[node name="Hill_02" type="Sprite" parent="Hills4" index="1"]

modulate = Color( 0.866852, 0.964844, 0.723633, 1 )
position = Vector2( 350.368, 912.794 )
texture = ExtResource( 6 )
_sections_unfolded = [ "Visibility" ]


