[gd_scene load_steps=6 format=2]

[ext_resource path="res://Scenes/Units/Turret.tscn" type="PackedScene" id=1]
[ext_resource path="res://Scenes/LevelItems/Floor.tscn" type="PackedScene" id=2]
[ext_resource path="res://Scenes/Units/Player.tscn" type="PackedScene" id=3]
[ext_resource path="res://Scenes/LevelItems/Respawn.tscn" type="PackedScene" id=4]
[ext_resource path="res://Scenes/LevelItems/Win.tscn" type="PackedScene" id=5]

[node name="Level1" type="Position2D"]

position = Vector2( -41.999, -237.999 )

[node name="Turrets" type="Position2D" parent="." index="0"]

[node name="Turret" parent="Turrets" index="0" instance=ExtResource( 1 )]

position = Vector2( 1260.76, 134.381 )
rotation = 3.14159
fire_interval = 1.3
initial_head_rotation = -90.0

[node name="Turret2" parent="Turrets" index="1" instance=ExtResource( 1 )]

position = Vector2( 1997.35, 136.074 )
rotation = 3.14159
initial_delay = 2.0
initial_head_rotation = -90.0

[node name="Turret6" parent="Turrets" index="2" instance=ExtResource( 1 )]

position = Vector2( 2227.97, 134.566 )
rotation = 3.14159
initial_delay = 2.0
initial_head_rotation = -90.0

[node name="Turret3" parent="Turrets" index="3" instance=ExtResource( 1 )]

position = Vector2( 2117.08, 134.445 )
rotation = 3.14159
initial_delay = 1.0
initial_head_rotation = -90.0

[node name="Turret5" parent="Turrets" index="4" instance=ExtResource( 1 )]

position = Vector2( 2347.7, 132.937 )
rotation = 3.14159
initial_delay = 1.0
initial_head_rotation = -90.0

[node name="Turret4" parent="Turrets" index="5" instance=ExtResource( 1 )]

position = Vector2( 1868.1, 135.259 )
rotation = 3.14159
initial_delay = 1.0
initial_head_rotation = -90.0

[node name="Turret7" parent="Turrets" index="6" instance=ExtResource( 1 )]

position = Vector2( 4531.21, 524.19 )
fire_interval = 0.15
initial_delay = 0.0
initial_head_rotation = -90.0

[node name="Turret16" parent="Turrets" index="7" instance=ExtResource( 1 )]

position = Vector2( 5227.63, 524.19 )
fire_interval = 0.15
initial_delay = 0.0
initial_head_rotation = -90.0

[node name="Turret15" parent="Turrets" index="8" instance=ExtResource( 1 )]

position = Vector2( 4893.42, 140.905 )
rotation = 3.14159
fire_interval = 0.15
initial_delay = 0.0
initial_head_rotation = -90.0

[node name="Turret8" parent="Turrets" index="9" instance=ExtResource( 1 )]

position = Vector2( 6678.48, 135.664 )
rotation = 3.14159
fire_interval = 1.0
initial_delay = 0.0
disabled_interval = 2.0
initial_head_rotation = -100.0

[node name="Turret19" parent="Turrets" index="10" instance=ExtResource( 1 )]

position = Vector2( 7102.85, 136.101 )
rotation = 3.14159
fire_interval = 1.0
initial_delay = 0.0
disabled_interval = 2.0
initial_head_rotation = -100.0

[node name="Turret10" parent="Turrets" index="11" instance=ExtResource( 1 )]

position = Vector2( 7831.71, 139.032 )
rotation = 3.14159
fire_interval = 0.6
initial_delay = 0.0
disabled_interval = 2.0
initial_head_rotation = -70.0

[node name="Turret14" parent="Turrets" index="12" instance=ExtResource( 1 )]

position = Vector2( 7971.99, 138.495 )
rotation = 3.14159
fire_interval = 1.2
initial_delay = 0.0
disabled_interval = 2.0
initial_head_rotation = -90.0

[node name="Turret11" parent="Turrets" index="13" instance=ExtResource( 1 )]

position = Vector2( 6569.98, 523.895 )
fire_interval = 1.0
initial_delay = 0.0
disabled_interval = 2.0
initial_head_rotation = -100.0

[node name="Turret20" parent="Turrets" index="14" instance=ExtResource( 1 )]

position = Vector2( 6994.35, 517.332 )
fire_interval = 1.0
initial_delay = 0.0
disabled_interval = 2.0
initial_head_rotation = -100.0

[node name="Turret9" parent="Turrets" index="15" instance=ExtResource( 1 )]

position = Vector2( 6569.98, 136.145 )
rotation = 3.14159
fire_interval = 1.0
initial_delay = 0.0
disabled_interval = 2.0
initial_head_rotation = -80.0

[node name="Turret18" parent="Turrets" index="16" instance=ExtResource( 1 )]

position = Vector2( 6994.35, 136.583 )
rotation = 3.14159
fire_interval = 1.0
initial_delay = 0.0
disabled_interval = 2.0
initial_head_rotation = -80.0

[node name="Turret13" parent="Turrets" index="17" instance=ExtResource( 1 )]

position = Vector2( 7723.2, 139.514 )
rotation = 3.14159
fire_interval = 0.6
initial_delay = 0.0
disabled_interval = 2.0
initial_head_rotation = -70.0

[node name="Turret12" parent="Turrets" index="18" instance=ExtResource( 1 )]

position = Vector2( 6678.48, 526.425 )
fire_interval = 1.0
initial_delay = 0.0
disabled_interval = 2.0
initial_head_rotation = -80.0

[node name="Turret17" parent="Turrets" index="19" instance=ExtResource( 1 )]

position = Vector2( 7102.85, 519.862 )
fire_interval = 1.0
initial_delay = 0.0
disabled_interval = 2.0
initial_head_rotation = -80.0

[node name="Floors" type="Position2D" parent="." index="1"]

editor/display_folded = true

[node name="Floor" parent="Floors" index="0" instance=ExtResource( 2 )]

position = Vector2( 1474.84, 630.305 )
scale = Vector2( 147.142, 1 )

[node name="Floor2" parent="Floors" index="1" instance=ExtResource( 2 )]

position = Vector2( 34.0311, 327.908 )
rotation = 1.5708
scale = Vector2( 26.6586, 1 )

[node name="Floor3" parent="Floors" index="2" instance=ExtResource( 2 )]

position = Vector2( 1258, 29.7355 )
rotation = 3.14159
scale = Vector2( 125.814, 1 )

[node name="Floor4" parent="Floors" index="3" instance=ExtResource( 2 )]

position = Vector2( 2547.07, 157.901 )
rotation = -1.5708
scale = Vector2( 16.1275, 1 )

[node name="Floor12" parent="Floors" index="4" instance=ExtResource( 2 )]

position = Vector2( 4096.36, 469.267 )
rotation = -1.5708
scale = Vector2( 16.1275, 1 )

[node name="Floor13" parent="Floors" index="5" instance=ExtResource( 2 )]

position = Vector2( 6044.31, 157.332 )
rotation = -1.5708
scale = Vector2( 16.1275, 1 )

[node name="Floor16" parent="Floors" index="6" instance=ExtResource( 2 )]

position = Vector2( 7498.72, 153.719 )
rotation = -1.5708
scale = Vector2( 16.1275, 1 )

[node name="Floor18" parent="Floors" index="7" instance=ExtResource( 2 )]

position = Vector2( 8040.3, 507.434 )
rotation = -1.5708
scale = Vector2( 16.1275, 1 )

[node name="Floor5" parent="Floors" index="8" instance=ExtResource( 2 )]

position = Vector2( 2605.68, 163.885 )
rotation = 1.5708
scale = Vector2( 16.1275, 1 )

[node name="Floor11" parent="Floors" index="9" instance=ExtResource( 2 )]

position = Vector2( 4154.98, 475.252 )
rotation = 1.5708
scale = Vector2( 16.1275, 1 )

[node name="Floor14" parent="Floors" index="10" instance=ExtResource( 2 )]

position = Vector2( 6102.92, 163.316 )
rotation = 1.5708
scale = Vector2( 16.1275, 1 )

[node name="Floor15" parent="Floors" index="11" instance=ExtResource( 2 )]

position = Vector2( 7557.34, 159.703 )
rotation = 1.5708
scale = Vector2( 16.1275, 1 )

[node name="Floor19" parent="Floors" index="12" instance=ExtResource( 2 )]

position = Vector2( 8098.92, 513.419 )
rotation = 1.5708
scale = Vector2( 16.1275, 1 )

[node name="Floor6" parent="Floors" index="13" instance=ExtResource( 2 )]

position = Vector2( 4327.53, 33.8002 )
rotation = 3.14159
scale = Vector2( 168.948, 1 )

[node name="Floor7" parent="Floors" index="14" instance=ExtResource( 2 )]

position = Vector2( 6098.16, 630.305 )
scale = Vector2( 191.368, 1 )

[node name="Floor10" parent="Floors" index="15" instance=ExtResource( 2 )]

position = Vector2( 6796.9, 31.7183 )
rotation = 3.14159
scale = Vector2( 65.9895, 1 )

[node name="Floor17" parent="Floors" index="16" instance=ExtResource( 2 )]

position = Vector2( 8865.97, 31.9994 )
rotation = 3.14159
scale = Vector2( 127.55, 1 )

[node name="Floor20" parent="Floors" index="17" instance=ExtResource( 2 )]

position = Vector2( 9140.54, 630.305 )
scale = Vector2( 100.357, 1 )

[node name="Player" parent="." index="2" instance=ExtResource( 3 )]

position = Vector2( 190.198, 545.119 )

[node name="Respawn" type="Position2D" parent="." index="3"]

[node name="Respawn" parent="Respawn" index="0" instance=ExtResource( 4 )]

position = Vector2( 4318.43, 495.145 )

[node name="Respawn2" parent="Respawn" index="1" instance=ExtResource( 4 )]

position = Vector2( 7447.54, 540.12 )

[node name="Win" parent="." index="4" instance=ExtResource( 5 )]

position = Vector2( 9859.51, 277.707 )
next_level_name = "Level2"


