[gd_scene load_steps=8 format=2]

[ext_resource path="res://Scenes/LevelItems/Floor.tscn" type="PackedScene" id=1]
[ext_resource path="res://Scenes/Units/Turret.tscn" type="PackedScene" id=2]
[ext_resource path="res://Scenes/LevelItems/Respawn.tscn" type="PackedScene" id=3]
[ext_resource path="res://Art/LevelItems/ScoutSign.png" type="Texture" id=4]
[ext_resource path="res://Scenes/Units/Player.tscn" type="PackedScene" id=5]
[ext_resource path="res://Menu.tscn" type="PackedScene" id=6]
[ext_resource path="res://Scenes/LevelItems/Win.tscn" type="PackedScene" id=7]

[node name="LongRangePulseLevel" type="Position2D"]

__meta__ = {
"_edit_vertical_guides_": [  ]
}

[node name="Floors" type="Position2D" parent="." index="0"]

[node name="Floor" parent="Floors" index="0" instance=ExtResource( 1 )]

position = Vector2( 1558.44, 631.985 )
scale = Vector2( 155.89, 1 )

[node name="Floor17" parent="Floors" index="1" instance=ExtResource( 1 )]

position = Vector2( 4815.93, 634.887 )
scale = Vector2( 155.89, 1 )

[node name="Floor20" parent="Floors" index="2" instance=ExtResource( 1 )]

position = Vector2( 7882.37, 630.847 )
scale = Vector2( 138.133, 1 )

[node name="Floor30" parent="Floors" index="3" instance=ExtResource( 1 )]

position = Vector2( 11018.3, 630.847 )
scale = Vector2( 163.693, 1 )

[node name="Floor35" parent="Floors" index="4" instance=ExtResource( 1 )]

position = Vector2( 14860.1, 637.278 )
scale = Vector2( 207.08, 1 )

[node name="Floor2" parent="Floors" index="5" instance=ExtResource( 1 )]

position = Vector2( 1417.08, 30.9423 )
rotation = 3.14159
scale = Vector2( 142.473, 1 )

[node name="Floor16" parent="Floors" index="6" instance=ExtResource( 1 )]

position = Vector2( 9938.47, 31.0848 )
rotation = 3.14159
scale = Vector2( 697.136, 1 )

[node name="Floor5" parent="Floors" index="7" instance=ExtResource( 1 )]

position = Vector2( 1567.99, 351.467 )
rotation = 3.14159
scale = Vector2( 36.5717, 1 )

[node name="Floor10" parent="Floors" index="8" instance=ExtResource( 1 )]

position = Vector2( 4619.49, 350.535 )
rotation = 3.14159
scale = Vector2( 80.2772, 1 )

[node name="Floor25" parent="Floors" index="9" instance=ExtResource( 1 )]

position = Vector2( 8880.03, 303.987 )
rotation = 3.14159
scale = Vector2( 80.2772, 1 )

[node name="Floor31" parent="Floors" index="10" instance=ExtResource( 1 )]

position = Vector2( 9991.54, 304.115 )
rotation = 3.14159
scale = Vector2( 20.1756, 1 )

[node name="Floor32" parent="Floors" index="11" instance=ExtResource( 1 )]

position = Vector2( 10761.7, 298.563 )
rotation = 3.14159
scale = Vector2( 47.8826, 1 )

[node name="Floor6" parent="Floors" index="12" instance=ExtResource( 1 )]

position = Vector2( 2135.67, 346.556 )
rotation = 3.14159
scale = Vector2( 11.7249, 1 )

[node name="Floor13" parent="Floors" index="13" instance=ExtResource( 1 )]

position = Vector2( 5632.76, 343.649 )
rotation = 3.14159
scale = Vector2( 11.7249, 1 )

[node name="Floor26" parent="Floors" index="14" instance=ExtResource( 1 )]

position = Vector2( 11490.8, 296.851 )
rotation = 3.14159
scale = Vector2( 16.3423, 1 )

[node name="Floor3" parent="Floors" index="15" instance=ExtResource( 1 )]

position = Vector2( 29.1046, 332.13 )
rotation = 1.5708
scale = Vector2( 26.813, 1 )

[node name="Floor4" parent="Floors" index="16" instance=ExtResource( 1 )]

position = Vector2( 2943.08, 100.992 )
rotation = 1.5708
scale = Vector2( 11.94, 1 )

[node name="Floor15" parent="Floors" index="17" instance=ExtResource( 1 )]

position = Vector2( 3208.98, 552.378 )
rotation = 1.5708
scale = Vector2( 11.94, 1 )

[node name="Floor19" parent="Floors" index="18" instance=ExtResource( 1 )]

position = Vector2( 7177.76, 199.605 )
rotation = 1.5708
scale = Vector2( 10.0076, 1 )

[node name="Floor29" parent="Floors" index="19" instance=ExtResource( 1 )]

position = Vector2( 6466.86, 592.146 )
rotation = 1.5708
scale = Vector2( 10.0076, 1 )

[node name="Floor27" parent="Floors" index="20" instance=ExtResource( 1 )]

position = Vector2( 9344.78, 565.372 )
rotation = 1.5708
scale = Vector2( 10.5488, 1 )

[node name="Floor34" parent="Floors" index="21" instance=ExtResource( 1 )]

position = Vector2( 12748.1, 534.625 )
rotation = 1.5708
scale = Vector2( 14.3208, 1 )

[node name="Floor40" parent="Floors" index="22" instance=ExtResource( 1 )]

position = Vector2( 17018.8, 114.47 )
rotation = 1.5708
scale = Vector2( 13.0602, 1 )

[node name="Floor42" parent="Floors" index="23" instance=ExtResource( 1 )]

position = Vector2( 17016.6, 559.229 )
rotation = 1.5708
scale = Vector2( 12.9116, 1 )

[node name="Floor36" parent="Floors" index="24" instance=ExtResource( 1 )]

position = Vector2( 13755.2, 162.61 )
rotation = 1.5708
scale = Vector2( 6.44515, 1 )

[node name="Floor37" parent="Floors" index="25" instance=ExtResource( 1 )]

position = Vector2( 13756.9, 450.485 )
rotation = 1.5708
scale = Vector2( 12.7222, 1 )

[node name="Floor38" parent="Floors" index="26" instance=ExtResource( 1 )]

position = Vector2( 13433.3, 348.666 )
rotation = 1.5708
scale = Vector2( 14.8129, 1 )

[node name="Floor39" parent="Floors" index="27" instance=ExtResource( 1 )]

position = Vector2( 15542, 256.356 )
rotation = -1.5708
scale = Vector2( 7.80905, 1 )

[node name="Floor44" parent="Floors" index="28" instance=ExtResource( 1 )]

position = Vector2( 15657.1, 473.403 )
scale = Vector2( 30.1107, 1 )

[node name="Floor51" parent="Floors" index="29" instance=ExtResource( 1 )]

position = Vector2( 20151.8, 659.032 )
scale = Vector2( 75.9692, 1 )

[node name="Floor53" parent="Floors" index="30" instance=ExtResource( 1 )]

position = Vector2( 19365.8, 794.133 )
scale = Vector2( 7.32033, 1 )

[node name="Floor45" parent="Floors" index="31" instance=ExtResource( 1 )]

position = Vector2( 16320.7, 275.608 )
rotation = 3.14159
scale = Vector2( 41.1708, 1 )

[node name="Floor46" parent="Floors" index="32" instance=ExtResource( 1 )]

position = Vector2( 19005.4, 25.4334 )
rotation = 3.14159
scale = Vector2( 194.82, 1 )

[node name="Floor47" parent="Floors" index="33" instance=ExtResource( 1 )]

position = Vector2( 17865.5, 648.468 )
scale = Vector2( 80.8569, 1 )

[node name="Floor21" parent="Floors" index="34" instance=ExtResource( 1 )]

position = Vector2( 7262.77, 333.625 )
rotation = 3.14159
scale = Vector2( 17.9934, 1 )

[node name="Floor9" parent="Floors" index="35" instance=ExtResource( 1 )]

position = Vector2( 2879.4, 104.428 )
rotation = -1.5708
scale = Vector2( 11.94, 1 )

[node name="Floor14" parent="Floors" index="36" instance=ExtResource( 1 )]

position = Vector2( 3145.31, 555.814 )
rotation = -1.5708
scale = Vector2( 11.94, 1 )

[node name="Floor18" parent="Floors" index="37" instance=ExtResource( 1 )]

position = Vector2( 7114.09, 191.665 )
rotation = -1.5708
scale = Vector2( 10.4324, 1 )

[node name="Floor28" parent="Floors" index="38" instance=ExtResource( 1 )]

position = Vector2( 6403.19, 584.205 )
rotation = -1.5708
scale = Vector2( 10.4324, 1 )

[node name="Floor22" parent="Floors" index="39" instance=ExtResource( 1 )]

position = Vector2( 9281.1, 567.209 )
rotation = -1.5708
scale = Vector2( 9.99591, 1 )

[node name="Floor33" parent="Floors" index="40" instance=ExtResource( 1 )]

position = Vector2( 12684.5, 529.764 )
rotation = -1.5708
scale = Vector2( 14.4376, 1 )

[node name="Floor41" parent="Floors" index="41" instance=ExtResource( 1 )]

position = Vector2( 16955.2, 114.225 )
rotation = -1.5708
scale = Vector2( 13.6387, 1 )

[node name="Floor43" parent="Floors" index="42" instance=ExtResource( 1 )]

position = Vector2( 16952.9, 554.059 )
rotation = -1.5708
scale = Vector2( 13.0594, 1 )

[node name="Floor48" parent="Floors" index="43" instance=ExtResource( 1 )]

position = Vector2( 17976, 297.753 )
rotation = -1.5708
scale = Vector2( 22.5788, 1 )

[node name="Floor49" parent="Floors" index="44" instance=ExtResource( 1 )]

position = Vector2( 18822.4, 178.72 )
rotation = -1.5708
scale = Vector2( 8.20226, 1 )

[node name="Floor50" parent="Floors" index="45" instance=ExtResource( 1 )]

position = Vector2( 19522.4, 176.04 )
rotation = 1.5708
scale = Vector2( 8.98806, 1 )

[node name="Floor54" parent="Floors" index="46" instance=ExtResource( 1 )]

position = Vector2( 19466, 299.584 )
rotation = 3.14159
scale = Vector2( 8.98806, 1 )

[node name="Floor55" parent="Floors" index="47" instance=ExtResource( 1 )]

position = Vector2( 19037.4, 297.584 )
rotation = 3.14159
scale = Vector2( 24.6996, 1 )

[node name="Floor52" parent="Floors" index="48" instance=ExtResource( 1 )]

position = Vector2( 20991.5, 346.498 )
rotation = -1.5708
scale = Vector2( 35.0074, 1 )

[node name="Floor7" parent="Floors" index="49" instance=ExtResource( 1 )]

position = Vector2( 1233.24, 205.597 )
rotation = -1.5708
scale = Vector2( 11.1597, 1 )

[node name="Floor11" parent="Floors" index="50" instance=ExtResource( 1 )]

position = Vector2( 3847.68, 204.665 )
rotation = -1.5708
scale = Vector2( 11.1597, 1 )

[node name="Floor24" parent="Floors" index="51" instance=ExtResource( 1 )]

position = Vector2( 8113.23, 182.252 )
rotation = -1.5708
scale = Vector2( 8.72966, 1 )

[node name="Floor8" parent="Floors" index="52" instance=ExtResource( 1 )]

position = Vector2( 2218.98, 202.479 )
rotation = 1.5708
scale = Vector2( 11.232, 1 )

[node name="Floor12" parent="Floors" index="53" instance=ExtResource( 1 )]

position = Vector2( 5716.06, 199.572 )
rotation = 1.5708
scale = Vector2( 11.232, 1 )

[node name="Floor23" parent="Floors" index="54" instance=ExtResource( 1 )]

position = Vector2( 11625.7, 171.049 )
rotation = 1.5708
scale = Vector2( 9.03194, 1 )

[node name="Turrets" type="Position2D" parent="." index="1"]

[node name="Turret" parent="Turrets" index="0" instance=ExtResource( 2 )]

position = Vector2( 1976.4, 140.062 )
rotation = 3.14159
fire_interval = 0.25
initial_delay = 0.0
disabled_interval = 0.5
initial_head_rotation = -90.0

[node name="Turret2" parent="Turrets" index="1" instance=ExtResource( 2 )]

position = Vector2( 5473.49, 137.155 )
rotation = 3.14159
fire_interval = 0.25
initial_delay = 0.0
disabled_interval = 0.5
initial_head_rotation = -90.0

[node name="Turret4" parent="Turrets" index="2" instance=ExtResource( 2 )]

position = Vector2( 9739.04, 139.043 )
rotation = 3.14159
fire_interval = 0.25
initial_delay = 0.0
disabled_interval = 0.7
initial_head_rotation = -90.0

[node name="Turret5" parent="Turrets" index="3" instance=ExtResource( 2 )]

position = Vector2( 10229.2, 140.272 )
rotation = 3.14159
fire_interval = 0.25
initial_delay = 0.0
disabled_interval = 0.7
initial_head_rotation = -90.0

[node name="Turret6" parent="Turrets" index="4" instance=ExtResource( 2 )]

position = Vector2( 11286.1, 138.398 )
rotation = 3.14159
fire_interval = 1.5
initial_delay = 0.0
disabled_interval = 0.5
initial_head_rotation = -90.0

[node name="Turret7" parent="Turrets" index="5" instance=ExtResource( 2 )]

position = Vector2( 16845.4, 152.318 )
rotation = -1.5708
fire_interval = 0.25
initial_delay = 0.0
disabled_interval = 1.0
initial_head_rotation = -90.0

[node name="Turret9" parent="Turrets" index="6" instance=ExtResource( 2 )]

position = Vector2( 15763.2, 136.591 )
rotation = 3.14159
fire_interval = 0.25
initial_delay = 0.0
disabled_interval = 1.6
initial_head_rotation = -90.0

[node name="Turret11" parent="Turrets" index="7" instance=ExtResource( 2 )]

position = Vector2( 19325.7, 132.839 )
rotation = 3.14159
fire_interval = 0.25
initial_delay = 0.0
disabled_interval = 1.0
initial_head_rotation = -90.0

[node name="Turret10" parent="Turrets" index="8" instance=ExtResource( 2 )]

position = Vector2( 16279.6, 530.011 )
fire_interval = 0.25
initial_delay = 0.0
disabled_interval = 1.6
initial_head_rotation = -90.0

[node name="Turret8" parent="Turrets" index="9" instance=ExtResource( 2 )]

position = Vector2( 16847, 537.918 )
rotation = -1.5708
fire_interval = 0.25
initial_delay = 0.0
disabled_interval = 1.0
initial_head_rotation = -90.0

[node name="Turret3" parent="Turrets" index="10" instance=ExtResource( 2 )]

position = Vector2( 7287.43, 253.302 )
rotation = 1.5708
fire_interval = 0.25
initial_delay = 0.0
disabled_interval = 0.5
initial_head_rotation = -90.0

[node name="Respawns" type="Position2D" parent="." index="2"]

[node name="Respawn" parent="Respawns" index="0" instance=ExtResource( 3 )]

position = Vector2( 2461.93, 513.105 )

[node name="Respawn2" parent="Respawns" index="1" instance=ExtResource( 3 )]

position = Vector2( 6611.55, 458.097 )

[node name="Respawn3" parent="Respawns" index="2" instance=ExtResource( 3 )]

position = Vector2( 12933.7, 551.356 )

[node name="Respawn4" parent="Respawns" index="3" instance=ExtResource( 3 )]

position = Vector2( 17854, 536.257 )

[node name="Stuff" type="Position2D" parent="." index="3"]

[node name="ScoutSign" type="Sprite" parent="Stuff" index="0"]

position = Vector2( 3618.79, 547.218 )
scale = Vector2( 0.3, 0.3 )
texture = ExtResource( 4 )
_sections_unfolded = [ "Transform" ]

[node name="ScoutSign2" type="Sprite" parent="Stuff" index="1"]

position = Vector2( 7050.58, 544.486 )
scale = Vector2( 0.3, 0.3 )
texture = ExtResource( 4 )
_sections_unfolded = [ "Transform" ]

[node name="ScoutSign3" type="Sprite" parent="Stuff" index="2"]

position = Vector2( 13103.2, 554.596 )
scale = Vector2( 0.3, 0.3 )
texture = ExtResource( 4 )
_sections_unfolded = [ "Transform" ]

[node name="ScoutSign4" type="Sprite" parent="Stuff" index="3"]

position = Vector2( 18216.4, 565.547 )
scale = Vector2( 0.3, 0.3 )
texture = ExtResource( 4 )
_sections_unfolded = [ "Transform" ]

[node name="Player" parent="." index="4" instance=ExtResource( 5 )]

position = Vector2( 433.303, 541.947 )

[node name="Menu" parent="." index="5" instance=ExtResource( 6 )]

[node name="Win" parent="." index="6" instance=ExtResource( 7 )]

position = Vector2( 20639.8, 304.06 )
next_level_name = "Meadow"


