[gd_scene load_steps=12 format=2]

[ext_resource path="res://Scripts/Cutscenes/RobotsWalking.gd" type="Script" id=1]
[ext_resource path="res://Art/LevelItems/BackGround_02.png" type="Texture" id=2]
[ext_resource path="res://Scenes/LevelItems/Floor.tscn" type="PackedScene" id=3]
[ext_resource path="res://Scenes/Units/Thumper.tscn" type="PackedScene" id=4]
[ext_resource path="res://Art/LevelItems/FlowerSign.png" type="Texture" id=5]
[ext_resource path="res://Font/Courier Prime Sans.ttf" type="DynamicFontData" id=6]
[ext_resource path="res://Art/UI/Title.png" type="Texture" id=7]
[ext_resource path="res://Audio/Rumble.ogg" type="AudioStream" id=8]

[sub_resource type="Animation" id=1]

resource_name = "Onwards"
length = 5.5
loop = false
step = 0.1
tracks/0/type = "value"
tracks/0/path = NodePath("MightyThumper:position")
tracks/0/interp = 1
tracks/0/loop_wrap = true
tracks/0/imported = false
tracks/0/enabled = true
tracks/0/keys = {
"times": PoolRealArray( 0, 2.4, 4 ),
"transitions": PoolRealArray( 1, 1, 1 ),
"update": 0,
"values": [ Vector2( -146.034, 535 ), Vector2( -146.034, 535 ), Vector2( 1172.51, 535 ) ]
}
tracks/1/type = "value"
tracks/1/path = NodePath("MightyThumper:scale")
tracks/1/interp = 1
tracks/1/loop_wrap = true
tracks/1/imported = false
tracks/1/enabled = true
tracks/1/keys = {
"times": PoolRealArray( 0 ),
"transitions": PoolRealArray( 1 ),
"update": 0,
"values": [ Vector2( 1, 1 ) ]
}
tracks/2/type = "value"
tracks/2/path = NodePath("FlowerSign:visible")
tracks/2/interp = 1
tracks/2/loop_wrap = true
tracks/2/imported = false
tracks/2/enabled = true
tracks/2/keys = {
"times": PoolRealArray( 1.1, 1.7 ),
"transitions": PoolRealArray( 1, 1 ),
"update": 1,
"values": [ true, true ]
}
tracks/3/type = "value"
tracks/3/path = NodePath("Thumpers:visible")
tracks/3/interp = 1
tracks/3/loop_wrap = true
tracks/3/imported = false
tracks/3/enabled = true
tracks/3/keys = {
"times": PoolRealArray( 1.1, 1.7 ),
"transitions": PoolRealArray( 1, 1 ),
"update": 1,
"values": [ false, false ]
}

[sub_resource type="Animation" id=2]

length = 5.0
loop = false
step = 0.1
tracks/0/type = "value"
tracks/0/path = NodePath("MightyThumper:position")
tracks/0/interp = 1
tracks/0/loop_wrap = true
tracks/0/imported = false
tracks/0/enabled = true
tracks/0/keys = {
"times": PoolRealArray( 0, 1.5, 2.4, 2.9, 4.5, 5 ),
"transitions": PoolRealArray( 1, 1, 1, 1, 1, 1 ),
"update": 0,
"values": [ Vector2( 1146.78, 535 ), Vector2( 125.815, 535 ), Vector2( 125.815, 535 ), Vector2( 480.873, 535 ), Vector2( 480.873, 535 ), Vector2( 1151.05, 535 ) ]
}
tracks/1/type = "value"
tracks/1/path = NodePath("MightyThumper:scale")
tracks/1/interp = 1
tracks/1/loop_wrap = true
tracks/1/imported = false
tracks/1/enabled = true
tracks/1/keys = {
"times": PoolRealArray( 0, 2.3, 2.4, 2.9, 3, 4.5, 4.6 ),
"transitions": PoolRealArray( 1, 1, 1, 1, 1, 1, 1 ),
"update": 0,
"values": [ Vector2( -1, 1 ), Vector2( -1, 1 ), Vector2( 1, 1 ), Vector2( 1, 1 ), Vector2( -1, 1 ), Vector2( -1, 1 ), Vector2( 1, 1 ) ]
}
tracks/2/type = "value"
tracks/2/path = NodePath("Label:modulate")
tracks/2/interp = 1
tracks/2/loop_wrap = true
tracks/2/imported = false
tracks/2/enabled = true
tracks/2/keys = {
"times": PoolRealArray( 0, 0.5 ),
"transitions": PoolRealArray( 1, 1 ),
"update": 0,
"values": [ Color( 1, 1, 1, 1 ), Color( 1, 1, 1, 0 ) ]
}

[sub_resource type="DynamicFont" id=3]

size = 32
use_mipmaps = false
use_filter = false
font_data = ExtResource( 6 )
_sections_unfolded = [ "Font", "Settings" ]

[node name="RobotsWalking" type="Position2D" index="0"]

script = ExtResource( 1 )

[node name="BackGround_02" type="Sprite" parent="." index="0"]

position = Vector2( 532.157, 288.975 )
texture = ExtResource( 2 )

[node name="Thumpers" type="Position2D" parent="." index="1"]

position = Vector2( 753.318, 534.442 )
_sections_unfolded = [ "Visibility" ]

[node name="Floor" parent="." index="2" instance=ExtResource( 3 )]

position = Vector2( 391.352, 567.29 )
scale = Vector2( 39.521, 1 )

[node name="MightyThumper" parent="." index="3" instance=ExtResource( 4 )]

position = Vector2( 1146.78, 535 )
scale = Vector2( -1, 1 )
z_index = 10
_sections_unfolded = [ "Transform", "Z Index" ]

[node name="AnimationPlayer" type="AnimationPlayer" parent="." index="4"]

root_node = NodePath("..")
autoplay = ""
playback_process_mode = 1
playback_default_blend_time = 0.0
playback_speed = 1.0
anims/Onwards = SubResource( 1 )
anims/WakeUp = SubResource( 2 )
blend_times = [  ]

[node name="Timer" type="Timer" parent="." index="5"]

process_mode = 1
wait_time = 2.0
one_shot = true
autostart = false

[node name="FlowerSign" type="Sprite" parent="." index="6"]

visible = false
position = Vector2( 593.626, 428.21 )
scale = Vector2( 0.6, 0.6 )
texture = ExtResource( 5 )
_sections_unfolded = [ "Transform", "Visibility", "Z Index" ]

[node name="Label" type="Position2D" parent="." index="7"]

_sections_unfolded = [ "Margin", "Visibility", "custom_fonts" ]

[node name="PressSpace" type="Label" parent="Label" index="0"]

modulate = Color( 0.726563, 0.726563, 0.726563, 1 )
anchor_left = 0.0
anchor_top = 0.0
anchor_right = 0.0
anchor_bottom = 0.0
margin_left = 2.0
margin_top = 328.0
margin_right = 722.0
margin_bottom = 367.0
rect_pivot_offset = Vector2( 0, 0 )
rect_clip_content = false
mouse_filter = 2
mouse_default_cursor_shape = 0
size_flags_horizontal = 1
size_flags_vertical = 4
custom_fonts/font = SubResource( 3 )
text = "Press Space to Start"
align = 1
percent_visible = 1.0
lines_skipped = 0
max_lines_visible = -1
_sections_unfolded = [ "Margin", "Visibility", "custom_fonts" ]

[node name="Title" type="Sprite" parent="Label" index="1"]

position = Vector2( 357.317, 178.824 )
scale = Vector2( 0.3, 0.3 )
texture = ExtResource( 7 )
_sections_unfolded = [ "Transform" ]

[node name="Rumble" type="AudioStreamPlayer2D" parent="." index="8"]

stream = ExtResource( 8 )
volume_db = -8.0
autoplay = true
max_distance = 2000.0
attenuation = 1.0
bus = "Master"
area_mask = 1


