[gd_scene load_steps=8 format=2]

[ext_resource path="res://Scenes/Units/Turret.tscn" type="PackedScene" id=1]
[ext_resource path="res://Scenes/LevelItems/Floor.tscn" type="PackedScene" id=2]
[ext_resource path="res://Scenes/Units/Player.tscn" type="PackedScene" id=3]
[ext_resource path="res://Scenes/LevelItems/Respawn.tscn" type="PackedScene" id=4]
[ext_resource path="res://Scenes/LevelItems/Win.tscn" type="PackedScene" id=5]
[ext_resource path="res://Menu.tscn" type="PackedScene" id=6]
[ext_resource path="res://Art/LevelItems/ScoutSign.png" type="Texture" id=7]


[node name="SweepLevel" type="Position2D"]

[node name="Turrets" type="Position2D" parent="." index="0"]

[node name="Turret" parent="Turrets" index="0" instance=ExtResource( 1 )]

position = Vector2( 3169.81, 142.838 )
rotation = 3.14159
fire_interval = 1.5
sweep = true
min_sweep_angle = -130.0
max_sweep_angle = -50.0
sweep_time = 1.5

[node name="Turret23" parent="Turrets" index="1" instance=ExtResource( 1 )]

position = Vector2( 1717.71, 142.838 )
rotation = 3.14159
fire_interval = 1.5
sweep = true
min_sweep_angle = -130.0
max_sweep_angle = -50.0
sweep_time = 1.5

[node name="Turret15" parent="Turrets" index="2" instance=ExtResource( 1 )]

position = Vector2( 4039.64, 139.85 )
rotation = 3.14159
fire_interval = 3.0
sweep = true
min_sweep_angle = -130.0
max_sweep_angle = -50.0

[node name="Turret25" parent="Turrets" index="3" instance=ExtResource( 1 )]

position = Vector2( 5528.31, 138.429 )
rotation = 3.14159
fire_interval = 0.15
sweep = true
min_sweep_angle = -140.0
max_sweep_angle = -40.0
sweep_time = 1.0

[node name="Turret26" parent="Turrets" index="4" instance=ExtResource( 1 )]

position = Vector2( 6273.74, 127.789 )
rotation = 1.5708
fire_interval = 0.2
sweep = true
min_sweep_angle = -90.0
sweep_time = 1.0

[node name="Turret28" parent="Turrets" index="5" instance=ExtResource( 1 )]

position = Vector2( 10954, 112.637 )
rotation = 1.5708
fire_interval = 0.2
sweep = true
min_sweep_angle = -90.0
sweep_time = 5.0

[node name="Turret30" parent="Turrets" index="6" instance=ExtResource( 1 )]

position = Vector2( 12653.2, 127.251 )
rotation = 1.5708
fire_interval = 0.7
sweep = true
min_sweep_angle = -90.0

[node name="Turret29" parent="Turrets" index="7" instance=ExtResource( 1 )]

position = Vector2( 11837.3, 536.178 )
rotation = -1.5708
fire_interval = 0.2
initial_delay = 2.0
sweep = true
min_sweep_angle = -90.0
sweep_time = 5.0

[node name="Turret31" parent="Turrets" index="8" instance=ExtResource( 1 )]

position = Vector2( 13717.7, 529.266 )
rotation = -1.5708
fire_interval = 0.7
initial_delay = 2.0
sweep = true
min_sweep_angle = -90.0

[node name="Turret32" parent="Turrets" index="9" instance=ExtResource( 1 )]

position = Vector2( 15720.3, 141.161 )
rotation = 3.14159
fire_interval = 0.2
initial_delay = 0.0
sweep = true
min_sweep_angle = -130.0
max_sweep_angle = -30.0

[node name="Turret35" parent="Turrets" index="10" instance=ExtResource( 1 )]

position = Vector2( 16798, 518.112 )
fire_interval = 0.2
initial_delay = 3.0
sweep = true
min_sweep_angle = -150.0
max_sweep_angle = -30.0

[node name="Turret33" parent="Turrets" index="11" instance=ExtResource( 1 )]

position = Vector2( 15930.6, 141.989 )
rotation = 3.14159
fire_interval = 0.2
initial_delay = 0.0
sweep = true
min_sweep_angle = -150.0
max_sweep_angle = -50.0

[node name="Turret34" parent="Turrets" index="12" instance=ExtResource( 1 )]

position = Vector2( 17022.3, 516.956 )
fire_interval = 0.2
initial_delay = 3.0
sweep = true
min_sweep_angle = -130.0
max_sweep_angle = -30.0

[node name="Turret36" parent="Turrets" index="13" instance=ExtResource( 1 )]

position = Vector2( 20339, 201.376 )
rotation = -1.5708
fire_interval = 1.0
initial_delay = 0.0
sweep = true
min_sweep_angle = -70.0
max_sweep_angle = -110.0
sweep_time = 1.0

[node name="Turret37" parent="Turrets" index="14" instance=ExtResource( 1 )]

position = Vector2( 20338.7, 286.427 )
rotation = -1.5708
fire_interval = 1.0
initial_delay = 0.0
sweep = true
min_sweep_angle = -70.0
max_sweep_angle = -110.0
sweep_time = 1.0

[node name="Turret38" parent="Turrets" index="15" instance=ExtResource( 1 )]

position = Vector2( 20338.5, 371.967 )
rotation = -1.5708
fire_interval = 1.0
initial_delay = 0.0
sweep = true
min_sweep_angle = -70.0
max_sweep_angle = -110.0
sweep_time = 1.0

[node name="Turret39" parent="Turrets" index="16" instance=ExtResource( 1 )]

position = Vector2( 20339.3, 458.258 )
rotation = -1.5708
fire_interval = 1.0
initial_delay = 0.0
sweep = true
min_sweep_angle = -70.0
max_sweep_angle = -110.0
sweep_time = 1.0

[node name="Turret27" parent="Turrets" index="17" instance=ExtResource( 1 )]

position = Vector2( 7038.99, 511.331 )
fire_interval = 0.2
sweep = true
min_sweep_angle = -90.0
sweep_time = 1.0

[node name="Turret5" parent="Turrets" index="18" instance=ExtResource( 1 )]

position = Vector2( 2902.32, 142.777 )
rotation = 3.14159
fire_interval = 1.5
sweep = true
min_sweep_angle = -130.0
max_sweep_angle = -50.0
sweep_time = 1.5

[node name="Turret22" parent="Turrets" index="19" instance=ExtResource( 1 )]

position = Vector2( 1450.21, 142.777 )
rotation = 3.14159
fire_interval = 1.5
sweep = true
min_sweep_angle = -130.0
max_sweep_angle = -50.0
sweep_time = 1.5

[node name="Turret14" parent="Turrets" index="20" instance=ExtResource( 1 )]

position = Vector2( 3772.14, 139.789 )
rotation = 3.14159
fire_interval = 3.0
sweep = true
min_sweep_angle = -130.0
max_sweep_angle = -50.0

[node name="Turret9" parent="Turrets" index="21" instance=ExtResource( 1 )]

position = Vector2( 2636.39, 141.925 )
rotation = 3.14159
fire_interval = 1.5
sweep = true
min_sweep_angle = -130.0
max_sweep_angle = -50.0
sweep_time = 1.5

[node name="Turret21" parent="Turrets" index="22" instance=ExtResource( 1 )]

position = Vector2( 1184.29, 141.925 )
rotation = 3.14159
fire_interval = 1.5
sweep = true
min_sweep_angle = -130.0
max_sweep_angle = -50.0
sweep_time = 1.5

[node name="Turret13" parent="Turrets" index="23" instance=ExtResource( 1 )]

position = Vector2( 3506.22, 138.937 )
rotation = 3.14159
fire_interval = 3.0
sweep = true
min_sweep_angle = -130.0
max_sweep_angle = -50.0

[node name="Turret2" parent="Turrets" index="24" instance=ExtResource( 1 )]

position = Vector2( 3081.2, 142.239 )
rotation = 3.14159
fire_interval = 1.5
sweep = true
min_sweep_angle = -130.0
max_sweep_angle = -50.0
sweep_time = 1.5

[node name="Turret24" parent="Turrets" index="25" instance=ExtResource( 1 )]

position = Vector2( 1629.09, 142.239 )
rotation = 3.14159
fire_interval = 1.5
sweep = true
min_sweep_angle = -130.0
max_sweep_angle = -50.0
sweep_time = 1.5

[node name="Turret16" parent="Turrets" index="26" instance=ExtResource( 1 )]

position = Vector2( 3951.03, 139.251 )
rotation = 3.14159
fire_interval = 3.0
sweep = true
min_sweep_angle = -130.0
max_sweep_angle = -50.0

[node name="Turret6" parent="Turrets" index="27" instance=ExtResource( 1 )]

position = Vector2( 2813.71, 142.179 )
rotation = 3.14159
fire_interval = 1.5
sweep = true
min_sweep_angle = -130.0
max_sweep_angle = -50.0
sweep_time = 1.5

[node name="Turret19" parent="Turrets" index="28" instance=ExtResource( 1 )]

position = Vector2( 1361.6, 142.179 )
rotation = 3.14159
fire_interval = 1.5
sweep = true
min_sweep_angle = -130.0
max_sweep_angle = -50.0
sweep_time = 1.5

[node name="Turret11" parent="Turrets" index="29" instance=ExtResource( 1 )]

position = Vector2( 3683.53, 139.191 )
rotation = 3.14159
fire_interval = 3.0
sweep = true
min_sweep_angle = -130.0
max_sweep_angle = -50.0

[node name="Turret8" parent="Turrets" index="30" instance=ExtResource( 1 )]

position = Vector2( 2547.78, 141.326 )
rotation = 3.14159
fire_interval = 1.5
sweep = true
min_sweep_angle = -130.0
max_sweep_angle = -50.0
sweep_time = 1.5

[node name="Turret20" parent="Turrets" index="31" instance=ExtResource( 1 )]

position = Vector2( 1095.67, 141.326 )
rotation = 3.14159
fire_interval = 1.5
sweep = true
min_sweep_angle = -130.0
max_sweep_angle = -50.0
sweep_time = 1.5

[node name="Turret12" parent="Turrets" index="32" instance=ExtResource( 1 )]

position = Vector2( 3417.61, 138.338 )
rotation = 3.14159
fire_interval = 3.0
sweep = true
min_sweep_angle = -130.0
max_sweep_angle = -50.0

[node name="Turret3" parent="Turrets" index="33" instance=ExtResource( 1 )]

position = Vector2( 2992.59, 142.239 )
rotation = 3.14159
fire_interval = 1.5
sweep = true
min_sweep_angle = -130.0
max_sweep_angle = -50.0
sweep_time = 1.5

[node name="Turret17" parent="Turrets" index="34" instance=ExtResource( 1 )]

position = Vector2( 1540.48, 142.239 )
rotation = 3.14159
fire_interval = 1.5
sweep = true
min_sweep_angle = -130.0
max_sweep_angle = -50.0
sweep_time = 1.5

[node name="Turret7" parent="Turrets" index="35" instance=ExtResource( 1 )]

position = Vector2( 3862.41, 139.251 )
rotation = 3.14159
fire_interval = 3.0
sweep = true
min_sweep_angle = -130.0
max_sweep_angle = -50.0

[node name="Turret4" parent="Turrets" index="36" instance=ExtResource( 1 )]

position = Vector2( 2725.09, 142.179 )
rotation = 3.14159
fire_interval = 1.5
sweep = true
min_sweep_angle = -130.0
max_sweep_angle = -50.0
sweep_time = 1.5

[node name="Turret18" parent="Turrets" index="37" instance=ExtResource( 1 )]

position = Vector2( 1272.98, 142.179 )
rotation = 3.14159
fire_interval = 1.5
sweep = true
min_sweep_angle = -130.0
max_sweep_angle = -50.0
sweep_time = 1.5

[node name="Turret10" parent="Turrets" index="38" instance=ExtResource( 1 )]

position = Vector2( 3594.92, 139.191 )
rotation = 3.14159
fire_interval = 3.0
sweep = true
min_sweep_angle = -130.0
max_sweep_angle = -50.0

[node name="Floors" type="Position2D" parent="." index="1"]

[node name="Floor" parent="Floors" index="0" instance=ExtResource( 2 )]

position = Vector2( 3423.81, 621.053 )
scale = Vector2( 342.247, 1 )

[node name="Floor25" parent="Floors" index="1" instance=ExtResource( 2 )]

position = Vector2( 7707.71, 619.153 )
scale = Vector2( 74.7256, 1 )

[node name="Floor30" parent="Floors" index="2" instance=ExtResource( 2 )]

position = Vector2( 9445.93, 628.356 )
scale = Vector2( 84.5701, 1 )

[node name="Floor40" parent="Floors" index="3" instance=ExtResource( 2 )]

position = Vector2( 11170.9, 627.434 )
scale = Vector2( 74.2502, 1 )

[node name="Floor41" parent="Floors" index="4" instance=ExtResource( 2 )]

position = Vector2( 12921.8, 624.549 )
scale = Vector2( 87.6006, 1 )

[node name="Floor47" parent="Floors" index="5" instance=ExtResource( 2 )]

position = Vector2( 15237.8, 619.555 )
scale = Vector2( 131.251, 1 )

[node name="Floor56" parent="Floors" index="6" instance=ExtResource( 2 )]

position = Vector2( 17723.7, 627.207 )
scale = Vector2( 105.004, 1 )

[node name="Floor62" parent="Floors" index="7" instance=ExtResource( 2 )]

position = Vector2( 20927.5, 624.258 )
scale = Vector2( 203.016, 1 )

[node name="Floor2" parent="Floors" index="8" instance=ExtResource( 2 )]

position = Vector2( 444.784, 33.7032 )
rotation = 3.14159
scale = Vector2( 45.1915, 1 )

[node name="Floor15" parent="Floors" index="9" instance=ExtResource( 2 )]

position = Vector2( 2128.66, 37.9482 )
rotation = 3.14159
scale = Vector2( 22.4221, 1 )

[node name="Floor8" parent="Floors" index="10" instance=ExtResource( 2 )]

position = Vector2( 2853.16, 38.8918 )
rotation = 3.14159
scale = Vector2( 36.4678, 1 )

[node name="Floor13" parent="Floors" index="11" instance=ExtResource( 2 )]

position = Vector2( 1401.06, 38.8918 )
rotation = 3.14159
scale = Vector2( 36.4678, 1 )

[node name="Floor9" parent="Floors" index="12" instance=ExtResource( 2 )]

position = Vector2( 4287.87, 35.1049 )
rotation = 3.14159
scale = Vector2( 93.6231, 1 )

[node name="Floor18" parent="Floors" index="13" instance=ExtResource( 2 )]

position = Vector2( 5713.33, 35.1093 )
rotation = 3.14159
scale = Vector2( 35.5749, 1 )

[node name="Floor22" parent="Floors" index="14" instance=ExtResource( 2 )]

position = Vector2( 7847.21, 33.3063 )
rotation = 3.14159
scale = Vector2( 164.443, 1 )

[node name="Floor31" parent="Floors" index="15" instance=ExtResource( 2 )]

position = Vector2( 10180.8, 33.0318 )
rotation = 3.14159
scale = Vector2( 56.5719, 1 )

[node name="Floor36" parent="Floors" index="16" instance=ExtResource( 2 )]

position = Vector2( 11660.6, 37.3857 )
rotation = 3.14159
scale = Vector2( 78.4429, 1 )

[node name="Floor44" parent="Floors" index="17" instance=ExtResource( 2 )]

position = Vector2( 13575.9, 36.3968 )
rotation = 3.14159
scale = Vector2( 100.174, 1 )

[node name="Floor50" parent="Floors" index="18" instance=ExtResource( 2 )]

position = Vector2( 15104.6, 31.6691 )
rotation = 3.14159
scale = Vector2( 39.7982, 1 )

[node name="Floor53" parent="Floors" index="19" instance=ExtResource( 2 )]

position = Vector2( 17067.8, 33.9464 )
rotation = 3.14159
scale = Vector2( 143.019, 1 )

[node name="Floor61" parent="Floors" index="20" instance=ExtResource( 2 )]

position = Vector2( 20738.6, 30.444 )
rotation = 3.14159
scale = Vector2( 212.125, 1 )

[node name="Floor19" parent="Floors" index="21" instance=ExtResource( 2 )]

position = Vector2( 5532.84, 384.058 )
scale = Vector2( 5.95397, 1 )

[node name="Floor3" parent="Floors" index="22" instance=ExtResource( 2 )]

position = Vector2( 34.5833, 327.981 )
rotation = 1.5708
scale = Vector2( 25.7662, 1 )

[node name="Floor4" parent="Floors" index="23" instance=ExtResource( 2 )]

position = Vector2( 2456.52, 117.424 )
rotation = 1.5708
scale = Vector2( 11.3135, 1 )

[node name="Floor17" parent="Floors" index="24" instance=ExtResource( 2 )]

position = Vector2( 5323.13, 112.377 )
rotation = 1.5708
scale = Vector2( 11.3135, 1 )

[node name="Floor20" parent="Floors" index="25" instance=ExtResource( 2 )]

position = Vector2( 6168.58, 114.817 )
rotation = 1.5708
scale = Vector2( 12.3253, 1 )

[node name="Floor26" parent="Floors" index="26" instance=ExtResource( 2 )]

position = Vector2( 8561.75, 441.672 )
rotation = 1.5708
scale = Vector2( 23.463, 1 )

[node name="Floor28" parent="Floors" index="27" instance=ExtResource( 2 )]

position = Vector2( 9592.94, 148.769 )
rotation = 1.5708
scale = Vector2( 16.1273, 1 )

[node name="Floor33" parent="Floors" index="28" instance=ExtResource( 2 )]

position = Vector2( 10843.6, 159.034 )
rotation = 1.5708
scale = Vector2( 16.1273, 1 )

[node name="Floor35" parent="Floors" index="29" instance=ExtResource( 2 )]

position = Vector2( 12009.1, 465.683 )
rotation = 1.5708
scale = Vector2( 21.9331, 1 )

[node name="Floor46" parent="Floors" index="30" instance=ExtResource( 2 )]

position = Vector2( 13890.2, 443.437 )
rotation = 1.5708
scale = Vector2( 22.2513, 1 )

[node name="Floor54" parent="Floors" index="31" instance=ExtResource( 2 )]

position = Vector2( 16640.5, 507.354 )
rotation = 1.5708
scale = Vector2( 16.1273, 1 )

[node name="Floor48" parent="Floors" index="32" instance=ExtResource( 2 )]

position = Vector2( 14678.9, 154.59 )
rotation = 1.5708
scale = Vector2( 16.1273, 1 )

[node name="Floor52" parent="Floors" index="33" instance=ExtResource( 2 )]

position = Vector2( 15604.9, 123.086 )
rotation = 1.5708
scale = Vector2( 12.7629, 1 )

[node name="Floor58" parent="Floors" index="34" instance=ExtResource( 2 )]

position = Vector2( 18598.6, 109.684 )
rotation = 1.5708
scale = Vector2( 12.7629, 1 )

[node name="Floor60" parent="Floors" index="35" instance=ExtResource( 2 )]

position = Vector2( 18864.3, 539.217 )
rotation = 1.5708
scale = Vector2( 12.7629, 1 )

[node name="Floor43" parent="Floors" index="36" instance=ExtResource( 2 )]

position = Vector2( 12543.4, 119.999 )
rotation = 1.5708
scale = Vector2( 16.1273, 1 )

[node name="Floor39" parent="Floors" index="37" instance=ExtResource( 2 )]

position = Vector2( 10385.8, 512.358 )
rotation = 1.5708
scale = Vector2( 16.1273, 1 )

[node name="Floor23" parent="Floors" index="38" instance=ExtResource( 2 )]

position = Vector2( 6920.21, 556.962 )
rotation = 1.5708
scale = Vector2( 12.3253, 1 )

[node name="Floor12" parent="Floors" index="39" instance=ExtResource( 2 )]

position = Vector2( 1004.42, 117.424 )
rotation = 1.5708
scale = Vector2( 11.3135, 1 )

[node name="Floor7" parent="Floors" index="40" instance=ExtResource( 2 )]

position = Vector2( 3320.53, 121.33 )
rotation = 1.5708
scale = Vector2( 11.3135, 1 )

[node name="Floor14" parent="Floors" index="41" instance=ExtResource( 2 )]

position = Vector2( 1868.42, 121.33 )
rotation = 1.5708
scale = Vector2( 11.3135, 1 )

[node name="Floor5" parent="Floors" index="42" instance=ExtResource( 2 )]

position = Vector2( 2391.86, 111.09 )
rotation = -1.5708
scale = Vector2( 11.0874, 1 )

[node name="Floor16" parent="Floors" index="43" instance=ExtResource( 2 )]

position = Vector2( 5258.46, 106.043 )
rotation = -1.5708
scale = Vector2( 11.0874, 1 )

[node name="Floor21" parent="Floors" index="44" instance=ExtResource( 2 )]

position = Vector2( 6103.91, 107.079 )
rotation = -1.5708
scale = Vector2( 11.9588, 1 )

[node name="Floor27" parent="Floors" index="45" instance=ExtResource( 2 )]

position = Vector2( 8495.5, 436.181 )
rotation = -1.5708
scale = Vector2( 22.8717, 1.15864 )

[node name="Floor29" parent="Floors" index="46" instance=ExtResource( 2 )]

position = Vector2( 9528.27, 142.211 )
rotation = -1.5708
scale = Vector2( 15.8788, 1 )

[node name="Floor32" parent="Floors" index="47" instance=ExtResource( 2 )]

position = Vector2( 10778.9, 152.476 )
rotation = -1.5708
scale = Vector2( 15.8788, 1 )

[node name="Floor37" parent="Floors" index="48" instance=ExtResource( 2 )]

position = Vector2( 11379.7, 306.53 )
rotation = -1.5708
scale = Vector2( 8.42031, 1 )

[node name="Floor34" parent="Floors" index="49" instance=ExtResource( 2 )]

position = Vector2( 11944.5, 464.562 )
rotation = -1.5708
scale = Vector2( 21.1408, 1 )

[node name="Floor45" parent="Floors" index="50" instance=ExtResource( 2 )]

position = Vector2( 13825.5, 436.936 )
rotation = -1.5708
scale = Vector2( 21.9969, 1 )

[node name="Floor55" parent="Floors" index="51" instance=ExtResource( 2 )]

position = Vector2( 16575.8, 500.795 )
rotation = -1.5708
scale = Vector2( 15.8788, 1 )

[node name="Floor49" parent="Floors" index="52" instance=ExtResource( 2 )]

position = Vector2( 14614.2, 148.031 )
rotation = -1.5708
scale = Vector2( 15.8788, 1 )

[node name="Floor51" parent="Floors" index="53" instance=ExtResource( 2 )]

position = Vector2( 15540.2, 116.617 )
rotation = -1.5708
scale = Vector2( 12.5234, 1 )

[node name="Floor57" parent="Floors" index="54" instance=ExtResource( 2 )]

position = Vector2( 18533.9, 103.215 )
rotation = -1.5708
scale = Vector2( 12.5234, 1 )

[node name="Floor59" parent="Floors" index="55" instance=ExtResource( 2 )]

position = Vector2( 18799.7, 532.748 )
rotation = -1.5708
scale = Vector2( 12.5234, 1 )

[node name="Floor63" parent="Floors" index="56" instance=ExtResource( 2 )]

position = Vector2( 20446.8, 333.156 )
rotation = -1.5708
scale = Vector2( 16.7297, 1 )

[node name="Floor42" parent="Floors" index="57" instance=ExtResource( 2 )]

position = Vector2( 12478.7, 113.44 )
rotation = -1.5708
scale = Vector2( 15.8787, 1 )

[node name="Floor38" parent="Floors" index="58" instance=ExtResource( 2 )]

position = Vector2( 10321.1, 505.799 )
rotation = -1.5708
scale = Vector2( 15.8788, 1 )

[node name="Floor24" parent="Floors" index="59" instance=ExtResource( 2 )]

position = Vector2( 6855.54, 536.981 )
rotation = -1.5708
scale = Vector2( 11.9588, 1 )

[node name="Floor10" parent="Floors" index="60" instance=ExtResource( 2 )]

position = Vector2( 939.75, 111.09 )
rotation = -1.5708
scale = Vector2( 11.0874, 1 )

[node name="Floor6" parent="Floors" index="61" instance=ExtResource( 2 )]

position = Vector2( 3255.86, 114.996 )
rotation = -1.5708
scale = Vector2( 11.0874, 1 )

[node name="Floor11" parent="Floors" index="62" instance=ExtResource( 2 )]

position = Vector2( 1803.75, 114.996 )
rotation = -1.5708
scale = Vector2( 11.0874, 1 )

[node name="Player" parent="." index="2" instance=ExtResource( 3 )]

position = Vector2( 361.634, 513.985 )

[node name="Respawns" type="Position2D" parent="." index="3"]

[node name="Respawn" parent="Respawns" index="0" instance=ExtResource( 4 )]

position = Vector2( 4958.87, 493.654 )

[node name="Respawn2" parent="Respawns" index="1" instance=ExtResource( 4 )]

position = Vector2( 9847.29, 520.446 )

[node name="Respawn3" parent="Respawns" index="2" instance=ExtResource( 4 )]

position = Vector2( 14868.9, 526.881 )

[node name="Respawn4" parent="Respawns" index="3" instance=ExtResource( 4 )]

position = Vector2( 18239, 453.266 )

[node name="Win" parent="." index="4" instance=ExtResource( 5 )]

position = Vector2( 21734.2, 277.929 )
next_level_name = "WalkAmongFireballsLevel"

[node name="CanvasLayer" parent="." index="5" instance=ExtResource( 6 )]

[node name="Stuff" type="Position2D" parent="." index="6"]

[node name="ScoutSign" type="Sprite" parent="Stuff" index="0"]

position = Vector2( 18584.3, 541.542 )
scale = Vector2( 0.3, 0.3 )
texture = ExtResource( 7 )
_sections_unfolded = [ "Transform" ]

[node name="ScoutSign2" type="Sprite" parent="Stuff" index="1"]

position = Vector2( 10121.9, 542.577 )
scale = Vector2( 0.3, 0.3 )
texture = ExtResource( 7 )
_sections_unfolded = [ "Transform" ]

[node name="ScoutSign3" type="Sprite" parent="Stuff" index="2"]

position = Vector2( 2227.37, 537.111 )
scale = Vector2( 0.3, 0.3 )
texture = ExtResource( 7 )
_sections_unfolded = [ "Transform" ]


