[gd_scene load_steps=10 format=2]

[ext_resource path="res://Scripts/Units/Player.gd" type="Script" id=1]
[ext_resource path="res://Scenes/Units/Thumper.tscn" type="PackedScene" id=2]
[ext_resource path="res://Scripts/LevelItems/Camera2D.gd" type="Script" id=3]
[ext_resource path="res://Art/LevelItems/BackGround_02.png" type="Texture" id=4]
[ext_resource path="res://Audio/EarthPulse.wav" type="AudioStream" id=5]
[ext_resource path="res://Audio/SqueekyWheel.ogg" type="AudioStream" id=6]
[ext_resource path="res://Audio/Thonk.wav" type="AudioStream" id=7]
[ext_resource path="res://Audio/BackgroundMusicLoop.ogg" type="AudioStream" id=8]

[sub_resource type="CapsuleShape2D" id=1]

custom_solver_bias = 0.0
radius = 23.382
height = 26.745

[node name="Player" type="KinematicBody2D"]

z_index = 5
input_pickable = false
collision_layer = 1
collision_mask = 1
collision/safe_margin = 0.08
script = ExtResource( 1 )
_sections_unfolded = [ "Collision", "Transform", "Visibility", "Z Index" ]

[node name="CollisionShape2D" type="CollisionShape2D" parent="." index="0"]

position = Vector2( 0, 8.26 )
shape = SubResource( 1 )
_sections_unfolded = [ "Transform" ]

[node name="Thumper" parent="." index="1" instance=ExtResource( 2 )]

position = Vector2( -1.99026, 44.4493 )
scale = Vector2( 0.8, 0.8 )
_sections_unfolded = [ "Transform", "Visibility", "Z Index" ]

[node name="DeathTimer" type="Timer" parent="." index="2"]

process_mode = 1
wait_time = 1.0
one_shot = true
autostart = false

[node name="CameraNode" type="Node2D" parent="." index="3"]

[node name="Camera2D" type="Camera2D" parent="CameraNode" index="0"]

position = Vector2( -1.99026, 44.4493 )
anchor_mode = 1
rotating = false
current = true
zoom = Vector2( 1.1, 1.1 )
limit_left = -10000000
limit_top = 0
limit_right = 10000000
limit_bottom = 1
limit_smoothed = true
drag_margin_h_enabled = true
drag_margin_v_enabled = true
smoothing_enabled = true
smoothing_speed = 5.0
offset_v = 0.0
offset_h = 0.0
drag_margin_left = 0.3
drag_margin_top = 1.0
drag_margin_right = 0.0
drag_margin_bottom = 1.0
editor_draw_screen = true
editor_draw_limits = false
editor_draw_drag_margin = true
script = ExtResource( 3 )
_sections_unfolded = [ "Drag Margin", "Editor", "Limit", "Offset", "Smoothing", "Transform" ]

[node name="ParallaxBackground" type="ParallaxBackground" parent="CameraNode/Camera2D" index="0"]

editor/display_folded = true
layer = -1
offset = Vector2( 0, 0 )
rotation = 0.0
scale = Vector2( 1, 1 )
transform = Transform2D( 1, 0, 0, 1, 0, 0 )
scroll_offset = Vector2( 0, 0 )
scroll_base_offset = Vector2( 0, 0 )
scroll_base_scale = Vector2( 1, 1 )
scroll_limit_begin = Vector2( 0, 0 )
scroll_limit_end = Vector2( 0, 0 )
scroll_ignore_camera_zoom = false

[node name="ParallaxLayer" type="ParallaxLayer" parent="CameraNode/Camera2D/ParallaxBackground" index="0"]

motion_scale = Vector2( 0, 0 )
motion_offset = Vector2( 0, 0 )
motion_mirroring = Vector2( 0, 0 )
_sections_unfolded = [ "Motion" ]

[node name="BackGround_02" type="Sprite" parent="CameraNode/Camera2D/ParallaxBackground/ParallaxLayer" index="0"]

texture = ExtResource( 4 )
_sections_unfolded = [ "Transform" ]

[node name="PulseSound" type="AudioStreamPlayer2D" parent="." index="4"]

stream = ExtResource( 5 )
volume_db = 0.0
autoplay = false
max_distance = 2000.0
attenuation = 1.0
bus = "Master"
area_mask = 1

[node name="WheelSound" type="AudioStreamPlayer2D" parent="." index="5"]

stream = ExtResource( 6 )
volume_db = -15.0
autoplay = false
max_distance = 2000.0
attenuation = 1.0
bus = "Master"
area_mask = 1

[node name="DeathSound" type="AudioStreamPlayer2D" parent="." index="6"]

stream = ExtResource( 7 )
volume_db = -11.0
autoplay = false
max_distance = 2000.0
attenuation = 1.0
bus = "Master"
area_mask = 1

[node name="BackgroundMusic" type="AudioStreamPlayer2D" parent="." index="7"]

stream = ExtResource( 8 )
volume_db = -11.0
autoplay = true
max_distance = 2000.0
attenuation = 1.0
bus = "Master"
area_mask = 1


