[gd_scene load_steps=15 format=2]

[ext_resource path="res://Scripts/Units/ThumperNode.gd" type="Script" id=1]
[ext_resource path="res://Art/Units/Thumper/BackTire.png" type="Texture" id=2]
[ext_resource path="res://Art/Units/Thumper/TirePiece.png" type="Texture" id=3]
[ext_resource path="res://Art/Units/Thumper/FrontTire.png" type="Texture" id=4]
[ext_resource path="res://Art/Units/Thumper/TireConnection.png" type="Texture" id=5]
[ext_resource path="res://Art/Units/Thumper/Torso.png" type="Texture" id=6]
[ext_resource path="res://Art/Units/Thumper/Stick.png" type="Texture" id=7]
[ext_resource path="res://Art/Units/Thumper/Head.png" type="Texture" id=8]
[ext_resource path="res://Art/Units/Thumper/Binocular.png" type="Texture" id=9]

[sub_resource type="Animation" id=1]

resource_name = "Fly"
length = 0.5
loop = true
step = 0.1
tracks/0/type = "value"
tracks/0/path = NodePath("Thumper/Torso:position")
tracks/0/interp = 1
tracks/0/loop_wrap = true
tracks/0/imported = false
tracks/0/enabled = true
tracks/0/keys = {
"times": PoolRealArray( 0 ),
"transitions": PoolRealArray( 1 ),
"update": 0,
"values": [ Vector2( -2.81524, -2.0307 ) ]
}
tracks/1/type = "value"
tracks/1/path = NodePath("Thumper/Head:position")
tracks/1/interp = 1
tracks/1/loop_wrap = true
tracks/1/imported = false
tracks/1/enabled = true
tracks/1/keys = {
"times": PoolRealArray( 0 ),
"transitions": PoolRealArray( 1 ),
"update": 0,
"values": [ Vector2( -2.81524, -252.031 ) ]
}
tracks/2/type = "value"
tracks/2/path = NodePath("Thumper:rotation_degrees")
tracks/2/interp = 1
tracks/2/loop_wrap = true
tracks/2/imported = false
tracks/2/enabled = true
tracks/2/keys = {
"times": PoolRealArray( 0, 0.5 ),
"transitions": PoolRealArray( 1, 1 ),
"update": 0,
"values": [ 0.0, 360.0 ]
}
tracks/3/type = "value"
tracks/3/path = NodePath("Thumper/Tire:position")
tracks/3/interp = 1
tracks/3/loop_wrap = true
tracks/3/imported = false
tracks/3/enabled = true
tracks/3/keys = {
"times": PoolRealArray( 0 ),
"transitions": PoolRealArray( 1 ),
"update": 0,
"values": [ Vector2( 1.01801, 107.382 ) ]
}

[sub_resource type="Animation" id=2]

length = 0.3
loop = true
step = 0.1
tracks/0/type = "value"
tracks/0/path = NodePath("Thumper/Head/Head:position")
tracks/0/interp = 1
tracks/0/loop_wrap = true
tracks/0/imported = false
tracks/0/enabled = true
tracks/0/keys = {
"times": PoolRealArray( 0, 0.1, 0.2, 0.3 ),
"transitions": PoolRealArray( 1, 1, 1, 1 ),
"update": 0,
"values": [ Vector2( 0, 0 ), Vector2( 5, -5 ), Vector2( -5, 0 ), Vector2( 5, 5 ) ]
}
tracks/1/type = "value"
tracks/1/path = NodePath("Thumper/Head/Head:rotation_degrees")
tracks/1/interp = 1
tracks/1/loop_wrap = true
tracks/1/imported = false
tracks/1/enabled = true
tracks/1/keys = {
"times": PoolRealArray( 0, 0.1, 0.2, 0.3 ),
"transitions": PoolRealArray( 1, 1, 1, 1 ),
"update": 0,
"values": [ 0.0, -2.0, 2.0, -2.0 ]
}
tracks/2/type = "value"
tracks/2/path = NodePath("Thumper/Torso/Torso:position")
tracks/2/interp = 1
tracks/2/loop_wrap = true
tracks/2/imported = false
tracks/2/enabled = true
tracks/2/keys = {
"times": PoolRealArray( 0, 0.1, 0.2, 0.3 ),
"transitions": PoolRealArray( 1, 1, 1, 1 ),
"update": 0,
"values": [ Vector2( 0, 0 ), Vector2( 0, -10 ), Vector2( 0, -5 ), Vector2( 0, 5 ) ]
}
tracks/3/type = "value"
tracks/3/path = NodePath("Thumper/Torso:position")
tracks/3/interp = 1
tracks/3/loop_wrap = true
tracks/3/imported = false
tracks/3/enabled = true
tracks/3/keys = {
"times": PoolRealArray( 0 ),
"transitions": PoolRealArray( 1 ),
"update": 0,
"values": [ Vector2( 0, -415.754 ) ]
}
tracks/4/type = "value"
tracks/4/path = NodePath("Thumper/Head:position")
tracks/4/interp = 1
tracks/4/loop_wrap = true
tracks/4/imported = false
tracks/4/enabled = true
tracks/4/keys = {
"times": PoolRealArray( 0 ),
"transitions": PoolRealArray( 1 ),
"update": 0,
"values": [ Vector2( 0, -766.984 ) ]
}
tracks/5/type = "value"
tracks/5/path = NodePath("Thumper:rotation_degrees")
tracks/5/interp = 1
tracks/5/loop_wrap = true
tracks/5/imported = false
tracks/5/enabled = true
tracks/5/keys = {
"times": PoolRealArray( 0 ),
"transitions": PoolRealArray( 1 ),
"update": 0,
"values": [ 0.0 ]
}

[sub_resource type="Animation" id=3]

resource_name = "Scout"
length = 0.2
loop = false
step = 0.05
tracks/0/type = "value"
tracks/0/path = NodePath("Thumper/Head/Stick3:position")
tracks/0/interp = 1
tracks/0/loop_wrap = true
tracks/0/imported = false
tracks/0/enabled = true
tracks/0/keys = {
"times": PoolRealArray( 0, 0.1, 0.2 ),
"transitions": PoolRealArray( 1, 1, 1 ),
"update": 0,
"values": [ Vector2( 2.37362, -163.441 ), Vector2( 32.352, -426.935 ), Vector2( 325.213, -393.026 ) ]
}
tracks/1/type = "value"
tracks/1/path = NodePath("Thumper/Head/Stick3:rotation_degrees")
tracks/1/interp = 1
tracks/1/loop_wrap = true
tracks/1/imported = false
tracks/1/enabled = true
tracks/1/keys = {
"times": PoolRealArray( 0, 0.1, 0.2 ),
"transitions": PoolRealArray( 1, 1, 1 ),
"update": 0,
"values": [ 180.0, 270.0, 360.0 ]
}
tracks/2/type = "value"
tracks/2/path = NodePath("Thumper/Head/Stick2:position")
tracks/2/interp = 1
tracks/2/loop_wrap = true
tracks/2/imported = false
tracks/2/enabled = true
tracks/2/keys = {
"times": PoolRealArray( 0, 0.1, 0.2 ),
"transitions": PoolRealArray( 1, 1, 1 ),
"update": 0,
"values": [ Vector2( 3.41793, 141.696 ), Vector2( 25.5072, -118.643 ), Vector2( 11.5476, -412.436 ) ]
}
tracks/3/type = "value"
tracks/3/path = NodePath("Thumper/Head/Stick2:rotation_degrees")
tracks/3/interp = 1
tracks/3/loop_wrap = true
tracks/3/imported = false
tracks/3/enabled = true
tracks/3/keys = {
"times": PoolRealArray( 0.1, 0.2 ),
"transitions": PoolRealArray( 1, 1 ),
"update": 0,
"values": [ 0.0, 90.0 ]
}
tracks/4/type = "value"
tracks/4/path = NodePath("Thumper/Head/Stick1:position")
tracks/4/interp = 1
tracks/4/loop_wrap = true
tracks/4/imported = false
tracks/4/enabled = true
tracks/4/keys = {
"times": PoolRealArray( 0, 0.1, 0.2 ),
"transitions": PoolRealArray( 1, 1, 1 ),
"update": 0,
"values": [ Vector2( 3.14377, 17.8942 ), Vector2( 7.90031, -15.4019 ), Vector2( 20.5228, -266.274 ) ]
}
tracks/5/type = "value"
tracks/5/path = NodePath("Thumper/Head/Stick3:visible")
tracks/5/interp = 1
tracks/5/loop_wrap = true
tracks/5/imported = false
tracks/5/enabled = true
tracks/5/keys = {
"times": PoolRealArray( 0, 0.05 ),
"transitions": PoolRealArray( 1, 1 ),
"update": 1,
"values": [ false, true ]
}

[sub_resource type="Animation" id=4]

length = 0.3
loop = true
step = 0.11
tracks/0/type = "value"
tracks/0/path = NodePath("Thumper/Tire/BackTire:rotation_degrees")
tracks/0/interp = 1
tracks/0/loop_wrap = true
tracks/0/imported = false
tracks/0/enabled = true
tracks/0/keys = {
"times": PoolRealArray( 0, 0.3 ),
"transitions": PoolRealArray( 1, 1 ),
"update": 0,
"values": [ 0.0, 360.0 ]
}
tracks/1/type = "value"
tracks/1/path = NodePath("Thumper/Tire/FrontTire:rotation_degrees")
tracks/1/interp = 1
tracks/1/loop_wrap = true
tracks/1/imported = false
tracks/1/enabled = true
tracks/1/keys = {
"times": PoolRealArray( 0, 0.3 ),
"transitions": PoolRealArray( 1, 1 ),
"update": 0,
"values": [ 0.0, 360.0 ]
}
tracks/2/type = "value"
tracks/2/path = NodePath("Thumper/Tire:position")
tracks/2/interp = 1
tracks/2/loop_wrap = true
tracks/2/imported = false
tracks/2/enabled = true
tracks/2/keys = {
"times": PoolRealArray( 0 ),
"transitions": PoolRealArray( 1 ),
"update": 0,
"values": [ Vector2( 0, -180.788 ) ]
}

[sub_resource type="Animation" id=5]

length = 0.1
loop = false
step = 0.1
tracks/0/type = "value"
tracks/0/path = NodePath("Thumper/Tire:position")
tracks/0/interp = 1
tracks/0/loop_wrap = true
tracks/0/imported = false
tracks/0/enabled = true
tracks/0/keys = {
"times": PoolRealArray( 0 ),
"transitions": PoolRealArray( 1 ),
"update": 0,
"values": [ Vector2( 0, -180.788 ) ]
}
tracks/1/type = "value"
tracks/1/path = NodePath("Thumper/Tire/FrontTire:rotation_degrees")
tracks/1/interp = 1
tracks/1/loop_wrap = true
tracks/1/imported = false
tracks/1/enabled = true
tracks/1/keys = {
"times": PoolRealArray( 0 ),
"transitions": PoolRealArray( 1 ),
"update": 0,
"values": [ 0.0 ]
}
tracks/2/type = "value"
tracks/2/path = NodePath("Thumper/Tire/BackTire:rotation_degrees")
tracks/2/interp = 1
tracks/2/loop_wrap = true
tracks/2/imported = false
tracks/2/enabled = true
tracks/2/keys = {
"times": PoolRealArray( 0 ),
"transitions": PoolRealArray( 1 ),
"update": 0,
"values": [ 0.0 ]
}

[node name="MightyThumper" type="Position2D"]

script = ExtResource( 1 )
_sections_unfolded = [ "Z Index" ]

[node name="HeadBodyAnimation" type="AnimationPlayer" parent="." index="0"]

root_node = NodePath("..")
autoplay = ""
playback_process_mode = 1
playback_default_blend_time = 0.0
playback_speed = 1.0
anims/Fly = SubResource( 1 )
anims/Shake = SubResource( 2 )
blend_times = [  ]

[node name="BinocularAnimation" type="AnimationPlayer" parent="." index="1"]

root_node = NodePath("..")
autoplay = ""
playback_process_mode = 1
playback_default_blend_time = 0.0
playback_speed = 1.0
anims/Scout = SubResource( 3 )
blend_times = [  ]

[node name="TireAnimation" type="AnimationPlayer" parent="." index="2"]

root_node = NodePath("..")
autoplay = ""
playback_process_mode = 1
playback_default_blend_time = 0.0
playback_speed = 1.0
anims/Go = SubResource( 4 )
anims/Idle = SubResource( 5 )
blend_times = [  ]

[node name="Tween" type="Tween" parent="." index="3"]

repeat = false
playback_process_mode = 1
playback_speed = 0.2
playback/active = false
playback/repeat = false
playback/speed = 0.2

[node name="Thumper" type="Position2D" parent="." index="4"]

scale = Vector2( 0.1, 0.1 )
_sections_unfolded = [ "Transform", "Z Index" ]

[node name="Tire" type="Position2D" parent="Thumper" index="0"]

editor/display_folded = true
position = Vector2( 0, -180.788 )
_sections_unfolded = [ "Transform" ]

[node name="BackTire" type="Sprite" parent="Thumper/Tire" index="0"]

position = Vector2( 60.7068, 16.6962 )
texture = ExtResource( 2 )
_sections_unfolded = [ "Transform" ]

[node name="TirePiece" type="Sprite" parent="Thumper/Tire" index="1"]

position = Vector2( -6.55689, 14.201 )
texture = ExtResource( 3 )

[node name="FrontTire" type="Sprite" parent="Thumper/Tire" index="2"]

position = Vector2( 19.2536, 17.9199 )
texture = ExtResource( 4 )
_sections_unfolded = [ "Transform" ]

[node name="TireConnection" type="Sprite" parent="Thumper/Tire" index="3"]

position = Vector2( -7.77115, -145.631 )
texture = ExtResource( 5 )

[node name="Torso" type="Position2D" parent="Thumper" index="1"]

editor/display_folded = true
position = Vector2( 0, -415.754 )
_sections_unfolded = [ "Transform" ]

[node name="Torso" type="Sprite" parent="Thumper/Torso" index="0"]

texture = ExtResource( 6 )
_sections_unfolded = [ "Transform" ]

[node name="Head" type="Position2D" parent="Thumper" index="2"]

editor/display_folded = true
position = Vector2( 0, -766.984 )
_sections_unfolded = [ "Transform" ]

[node name="Stick1" type="Sprite" parent="Thumper/Head" index="0"]

position = Vector2( 3.14377, 17.8942 )
texture = ExtResource( 7 )
_sections_unfolded = [ "Transform", "Visibility" ]

[node name="Stick2" type="Sprite" parent="Thumper/Head" index="1"]

position = Vector2( 3.41793, 141.696 )
rotation = 0.785398
texture = ExtResource( 7 )
offset = Vector2( 2.19133, -158.779 )
_sections_unfolded = [ "Transform", "Visibility" ]

[node name="Head" type="Sprite" parent="Thumper/Head" index="2"]

texture = ExtResource( 8 )
_sections_unfolded = [ "Transform" ]

[node name="Stick3" type="Sprite" parent="Thumper/Head" index="3"]

editor/display_folded = true
visible = false
position = Vector2( 2.37362, -163.441 )
rotation = 3.14159
texture = ExtResource( 7 )
offset = Vector2( -2.3253, 146.4 )
_sections_unfolded = [ "Transform", "Visibility" ]

[node name="Binocular" type="Sprite" parent="Thumper/Head/Stick3" index="0"]

position = Vector2( 170.746, 322.93 )
texture = ExtResource( 9 )


